<?xml version="1.0" encoding="UTF-8"?><record xmlns="http://www.loc.gov/MARC21/slim" xmlns:cinclude="http://apache.org/cocoon/include/1.0" xmlns:zs="http://www.loc.gov/zing/srw/">
  <leader>00310nz  a2200121n  4500</leader>
  <controlfield tag="001">n 2007022286</controlfield>
  <controlfield tag="003">DLC</controlfield>
  <controlfield tag="005">20070330074951.0</controlfield>
  <controlfield tag="008">070329n| acannaabn          |n aaa      </controlfield>
  <datafield tag="010" ind1=" " ind2=" ">
    <subfield code="a">n 2007022286</subfield>
  </datafield>
  <datafield tag="040" ind1=" " ind2=" ">
    <subfield code="a">DLC</subfield>
    <subfield code="b">eng</subfield>
    <subfield code="c">DLC</subfield>
  </datafield>
  <datafield tag="100" ind1="1" ind2=" ">
    <subfield code="a">Orton, Dan E.</subfield>
  </datafield>
  <datafield tag="670" ind1=" " ind2=" ">
    <subfield code="a">Orton, Dan E. Fall into me, c2002:</subfield>
    <subfield code="b">t.p. (Dan E. Orton)</subfield>
  </datafield>
</record>